<?xml version="1.0" encoding="utf-8"?>
<record xmlns="http://www.loc.gov/MARC21/slim" xmlns:xsi="http://www.w3.org/2001/XMLSchema-instance" xsi:schemaLocation="http://www.loc.gov/MARC21/slim http://www.loc.gov/standards/marcxml/schema/MARC21slim.xsd">
	<leader>     nam a22        4500</leader>
	<controlfield tag="001">935473</controlfield>
	<controlfield tag="003">NjP</controlfield>
	<controlfield tag="006">m        d        </controlfield>
	<controlfield tag="007">cr cn |||m|||a</controlfield>
	<controlfield tag="008">161222s1990    ir h    ob    001 0 ara d</controlfield>
	<datafield ind1=" " ind2=" " tag="040">
		<subfield code="a">NNU</subfield>
		<subfield code="b">eng</subfield>
		<subfield code="e">rda</subfield>
		<subfield code="c">NNU</subfield>
	</datafield>
	<datafield ind1=" " ind2="4" tag="050">
		<subfield code="a">BP129.77</subfield>
		<subfield code="b">.D38 1990</subfield>
	</datafield>
	<datafield ind1="1" ind2=" " tag="100">
		<subfield code="6">880-01</subfield>
		<subfield code="a">Dawwānī, Muḥammad ibn Asʻad,</subfield>
		<subfield code="d">1426 or 1427-1512 or 1513.</subfield>
	</datafield>
	<datafield ind1="1" ind2="0" tag="245">
		<subfield code="a">Thalāth rasāʼil :</subfield>
		<subfield code="b">Tafsīr sūrat al-Kāfirūn, Shawākil al-ḥūr fī sharḥ Hayākil al-nūr, Risālat Unmūdhaj al-ʻulūm. Wa-bi-dhaylihi Risālat Hayākil al-nūr /</subfield>
		<subfield code="c">min muṣannafāt Jalāl al-Dīn Muḥammad ibn Asʻad al-Dawwānī ; taḥqīq Aḥmad Tūysirkānī.</subfield>
	</datafield>
	<datafield ind1="3" ind2=" " tag="246">
		<subfield code="6">880-02</subfield>
		<subfield code="a">Hayākil al-nūr</subfield>
	</datafield>
	<datafield ind1="3" ind2=" " tag="246">
		<subfield code="6">880-03</subfield>
		<subfield code="a">Risālat Hayākil al-nūr</subfield>
	</datafield>
	<datafield ind1=" " ind2=" " tag="250">
		<subfield code="6">880-04</subfield>
		<subfield code="a">al-Ṭabʻah 1.</subfield>
	</datafield>
	<datafield ind1=" " ind2=" " tag="260">
		<subfield code="6">880-05</subfield>
		<subfield code="a">Mashhad :</subfield>
		<subfield code="b">Majmaʻ al-Buḥūth al-Islāmīyah,</subfield>
		<subfield code="c">1411 [1990 or 1991]</subfield>
	</datafield>
	<datafield ind1=" " ind2=" " tag="300">
		<subfield code="a">online resource (338 pages) :</subfield>
		<subfield code="b">facsimile</subfield>
	</datafield>
	<datafield ind1=" " ind2=" " tag="336">
		<subfield code="a">text</subfield>
		<subfield code="2">rdacontent</subfield>
	</datafield>
	<datafield ind1=" " ind2=" " tag="337">
		<subfield code="a">computer</subfield>
		<subfield code="2">rdamedia</subfield>
	</datafield>
	<datafield ind1=" " ind2=" " tag="338">
		<subfield code="a">online resource</subfield>
		<subfield code="2">rdacarrier</subfield>
	</datafield>
	<datafield ind1=" " ind2=" " tag="500">
		<subfield code="a">Hayākil al-nūr (p. [75]-97).</subfield>
	</datafield>
	<datafield ind1=" " ind2=" " tag="500">
		<subfield code="a">Part of the Arabic Collections Online (ACO) project, contributed by Princeton University Libraries.</subfield>
	</datafield>
	<datafield ind1=" " ind2=" " tag="504">
		<subfield code="a">Includes bibliographical references and indexes.</subfield>
	</datafield>
	<datafield ind1="0" ind2=" " tag="505">
		<subfield code="a">1. Tafsīr Sūrat al-Kāfirūn -- 2. Shawākil al-ḥūr fī Sharḥ Hayākil al-Nūr -- 3. Risālat Unmūdhaj al-ʻālam.</subfield>
	</datafield>
	<datafield ind1=" " ind2=" " tag="533">
		<subfield code="a">Electronic reproduction.</subfield>
		<subfield code="b">New York, N.Y. :</subfield>
		<subfield code="c">New York University,</subfield>
		<subfield code="d">2016.</subfield>
		<subfield code="5">NNU</subfield>
	</datafield>
	<datafield ind1="0" ind2="0" tag="630">
		<subfield code="a">Qurʼan.</subfield>
		<subfield code="p">Sūrat al-Kāfirūn</subfield>
		<subfield code="v">Commentaries.</subfield>
	</datafield>
	<datafield ind1=" " ind2="0" tag="650">
		<subfield code="a">Islamic philosophy</subfield>
		<subfield code="v">Early works to 1800.</subfield>
	</datafield>
	<datafield ind1="0" ind2="7" tag="630">
		<subfield code="a">Qurʼan.</subfield>
		<subfield code="p">Sūrat al-Kāfirūn.</subfield>
		<subfield code="2">fast</subfield>
		<subfield code="0">(OCoLC)fst01916382</subfield>
	</datafield>
	<datafield ind1=" " ind2="7" tag="650">
		<subfield code="a">Islamic philosophy.</subfield>
		<subfield code="2">fast</subfield>
		<subfield code="0">(OCoLC)fst01730358</subfield>
	</datafield>
	<datafield ind1=" " ind2="7" tag="655">
		<subfield code="a">Commentaries.</subfield>
		<subfield code="2">fast</subfield>
		<subfield code="0">(OCoLC)fst01423723</subfield>
	</datafield>
	<datafield ind1=" " ind2="7" tag="655">
		<subfield code="a">Early works.</subfield>
		<subfield code="2">fast</subfield>
		<subfield code="0">(OCoLC)fst01411636</subfield>
	</datafield>
	<datafield ind1="1" ind2=" " tag="700">
		<subfield code="6">880-06</subfield>
		<subfield code="a">Tūysirkānī, Aḥmad.</subfield>
	</datafield>
	<datafield ind1="1" ind2="2" tag="700">
		<subfield code="6">880-07</subfield>
		<subfield code="a">Dawwānī, Muḥammad ibn Asʻad,</subfield>
		<subfield code="d">1426 or 1427-1512 or 1513.</subfield>
		<subfield code="t">Hayākil al-nūr.</subfield>
	</datafield>
	<datafield ind1="2" ind2=" " tag="710">
		<subfield code="a">Princeton University.</subfield>
		<subfield code="b">Library.</subfield>
	</datafield>
	<datafield ind1="0" ind2=" " tag="730">
		<subfield code="a">Arabic Collections Online.</subfield>
	</datafield>
	<datafield ind1="0" ind2="8" tag="776">
		<subfield code="i">Print version:</subfield>
		<subfield code="a">Dawwānī, Muḥammad ibn Asʻad, 1426 or 1427-1512 or 1513.</subfield>
		<subfield code="t">Thalāth rasāʼil</subfield>
		<subfield code="w">(NjP)935473</subfield>
		<subfield code="w">(OCoLC)31707086</subfield>
	</datafield>
	<datafield ind1="4" ind2="0" tag="856">
		<subfield code="u">http://hdl.handle.net/2333.1/wdbrv5hr</subfield>
	</datafield>
	<datafield ind1="1" ind2=" " tag="880">
		<subfield code="6">100-01</subfield>
		<subfield code="a">دواني، محمد بن أسعد،</subfield>
		<subfield code="d">1426 or 1427-1512 or 1513.</subfield>
	</datafield>
	<datafield ind1="1" ind2="0" tag="880">
		<subfield code="6">245-00</subfield>
		<subfield code="a">ثلاث رسائل :</subfield>
		<subfield code="b">تفسير سورة الكافرون، شواكل الحور في شرح هياكل النور، رسالة انموذج العلوم، وبذيله رسالة هياكل النور /</subfield>
		<subfield code="c">من مصنفات جلال الدين محمد بن اسعد الدواني ؛ تحقيق السيد أحمد تويسكاني.</subfield>
	</datafield>
	<datafield ind1="3" ind2=" " tag="880">
		<subfield code="6">246-02</subfield>
		<subfield code="a">هياكل النور</subfield>
	</datafield>
	<datafield ind1="3" ind2=" " tag="880">
		<subfield code="6">246-03</subfield>
		<subfield code="a">رسالة هياكل النور</subfield>
	</datafield>
	<datafield ind1=" " ind2=" " tag="880">
		<subfield code="6">250-04</subfield>
		<subfield code="a">الطبعة ١.</subfield>
	</datafield>
	<datafield ind1=" " ind2=" " tag="880">
		<subfield code="6">260-05</subfield>
		<subfield code="a">مشهد :</subfield>
		<subfield code="b">مجمع البحوث الاسلامية،</subfield>
		<subfield code="c">1411 [1990 or 1991]</subfield>
	</datafield>
	<datafield ind1="1" ind2=" " tag="880">
		<subfield code="6">700-06</subfield>
		<subfield code="a">تويسركاني، احمد.</subfield>
	</datafield>
	<datafield ind1="1" ind2="2" tag="880">
		<subfield code="6">700-07</subfield>
		<subfield code="a">دواني، محمد بن اسعد،</subfield>
		<subfield code="d">1426 or 1427-1512 or 1513.</subfield>
		<subfield code="t">هياكل النور.</subfield>
	</datafield>
	<datafield ind1=" " ind2=" " tag="959">
		<subfield code="a">NNU</subfield>
		<subfield code="b">WEB</subfield>
		<subfield code="c">GENI</subfield>
		<subfield code="t">0</subfield>
		<subfield code="m">Electronic access</subfield>
		<subfield code="s">01</subfield>
	</datafield>
	<datafield ind1=" " ind2=" " tag="999">
		<subfield code="i">NjP_935473</subfield>
		<subfield code="o">(OCoLC)ocm31707086</subfield>
		<subfield code="s">princeton_aco000792</subfield>
		<subfield code="e">(ERROR-880)</subfield>
		<subfield code="s">princeton_aco000792</subfield>
	</datafield>
</record>
